<?xml version="1.0" encoding="UTF-8"?><collection><record><leader>06378ntm a2200505 a 4500</leader><controlfield tag="001">005984422</controlfield><controlfield tag="003">MiAaHDL</controlfield><controlfield tag="005">20190719000000.0</controlfield><controlfield tag="006">m        d        </controlfield><controlfield tag="007">cr bn ---auaua</controlfield><controlfield tag="008">090403s1758    xx            00| ||ara d</controlfield><datafield tag="035" ind1=" " ind2=" "><subfield code="a">(MiU)005984422</subfield></datafield><datafield tag="035" ind1=" " ind2=" "><subfield code="a">sdr-miu005984422</subfield></datafield><datafield tag="040" ind1=" " ind2=" "><subfield code="a">MiU</subfield><subfield code="c">MiU</subfield><subfield code="e">amremm</subfield></datafield><datafield tag="043" ind1=" " ind2=" "><subfield code="a">n-us-mi</subfield></datafield><datafield tag="100" ind1="0" ind2=" "><subfield code="6">880-01</subfield><subfield code="a">Çetecî Abdullah Paşa,</subfield><subfield code="d">d. 1760.</subfield></datafield><datafield tag="245" ind1="1" ind2="0"><subfield code="6">880-03</subfield><subfield code="a">Anhār al-jinān min manābīʻ āyāt al-Qurʼān,</subfield><subfield code="f">[1172, i.e. 1758].</subfield></datafield><datafield tag="246" ind1="3" ind2=" "><subfield code="i">Title from inscription on front flyleaf (p.5):</subfield><subfield code="a">انهار الجنان</subfield></datafield><datafield tag="260" ind1=" " ind2=" "><subfield code="c">[1758].</subfield></datafield><datafield tag="300" ind1=" " ind2=" "><subfield code="a">128 leaves :</subfield><subfield code="b">paper ;</subfield><subfield code="c">204 x 125 (148 x 60) mm.</subfield></datafield><datafield tag="500" ind1=" " ind2=" "><subfield code="a">Shelfmark: Ann Arbor, University of Michigan, Special Collections Library, Isl. Ms. 451</subfield></datafield><datafield tag="500" ind1=" " ind2=" "><subfield code="a">Origin: As appears in colophon on p.261, transcription completed Rajab 1171 [March-April 1758].</subfield></datafield><datafield tag="500" ind1=" " ind2=" "><subfield code="a">Accompanying materials: a. Acquisitions slip from Yahuda (pp.1-2) -- b. Inventory cataloguing slip in hand of Winifred Smeaton Thomas (pp.3-4).</subfield></datafield><datafield tag="500" ind1=" " ind2=" "><subfield code="a">Former shelfmark: From inscription on interior of upper cover and spine label "IL 26" (likely supplied by Yahuda, see acquisitions slip).</subfield></datafield><datafield tag="500" ind1=" " ind2=" "><subfield code="a">Binding: Pasteboards covered in block-stamped paper (repeating pattern of squares filled with rows of diamonds in contrasting black on dull yellow and red-orange on white, also lining fore edge flap and covering envelope flap) with red leather over spine, fore edge of upper board, and fore edge flap ; Type II binding (with flap) ; board linings in untinted Europea laid paper (three crescents watermark visible) ; sewn in light pink thread, two stations ; worked chevron endbands in dark blue and yellow, quite good condition ; overall in fairly good condition with only minor abrasion, etc.</subfield></datafield><datafield tag="500" ind1=" " ind2=" "><subfield code="a">Support: European laid paper with 10-11 laid lines per cm. (vertical), chain lines spaced 25-27 mm. apart (horizontal), grapes (raison) surmounted by crown watermark (see p.16, 17, etc.), and several words including "LANGUEDOC" (p.36, 37, etc.) ; sturdy though fairly thin and transluscent, burnished, medium cream in color.</subfield></datafield><datafield tag="500" ind1=" " ind2=" "><subfield code="a">Decoration: Simple headpiece (ʻunwān) at opening on p.8 consisting of two empty rectangular pieces surmounted by a double semi-circular piece set into a well, all in red rules ; keywords, section and table headings, abbreviation symbols (letters representing the juzʼ, ḥizb, ʻushr and āyah, explained in opening table on p.9), sūrah titles and notabilia (side-heads) rubricated ; written area and table within outlined in a red rule-border.</subfield></datafield><datafield tag="500" ind1=" " ind2=" "><subfield code="a">Script: Naskh ; elegant Ottoman hand in a narrow line ; mainly serifless (though occasional serif appears) with slight effect of tilt to the left, some elongation of horizontal strokes, curvilinear descenders (some sweeping), pointing in strokes rather than distinct dots ; Qurʼānic excerpts vocalized.</subfield></datafield><datafield tag="500" ind1=" " ind2=" "><subfield code="a">Layout: Written in roughly 25 lines per page with written area divided to tabular format of 25 lines and 6 columns (passage of text, juzʼ, ḥizb, ʻushr, āyah and sūrah title).</subfield></datafield><datafield tag="500" ind1=" " ind2=" "><subfield code="a">Collation: i, 3 V(30), V-1 (39), V (49), IV (57), 6 V(117), V+1 (128), i ; chiefly quinions ; catchwords present ; quire numbering in the form of Hindu-Arabic numerals above letter ك in the upper outer corner of the opening recto of each quire from the second ; foliation in black ink, Hindu-Arabic numerals ; pagination in pencil, Western numerals (includes inserts and flyleaves).</subfield></datafield><datafield tag="500" ind1=" " ind2=" "><subfield code="a">Colophon: "Scribal," triangular, reads "تم وكمل هذا الكتاب الشريف في رجب الفرد سنة احدى وسبعين ومائة والف من هجرة من له العز والشرف صلى الله عليه وسلم"</subfield></datafield><datafield tag="500" ind1=" " ind2=" "><subfield code="a">Explicit: "يهدي به الله من اتبع و - - و مائدة"</subfield></datafield><datafield tag="500" ind1=" " ind2=" "><subfield code="a">Incipit: "الحمد لله الذي انزل على عبده الكتاب واتاه الحكمة وفصل الخطاب ... وبعد فيقول العبد الحقير عبد الله الوزير الشهير بچته جى ... لما احتجت الى وجدان ايات القرآن في اكثر الزمان سنح لخاطري الفاتر ان اجمع كتابا مع قلة البضاعة مشتملا على جداول في بيان مواضع الايات بطرح عزيب ووضع عجيب فلما يسر الله الاتمام سميته بانهار الجنان من منابيع آيات القرآن ..."</subfield></datafield><datafield tag="500" ind1=" " ind2=" "><subfield code="a">Title from opening matter (preface) on p.8.</subfield></datafield><datafield tag="500" ind1=" " ind2=" "><subfield code="a">Ms. codex.</subfield></datafield><datafield tag="510" ind1="4" ind2=" "><subfield code="a">Brockelmann, C. GAL,</subfield><subfield code="c">II 328 ; S II 455</subfield></datafield><datafield tag="520" ind1="8" ind2=" "><subfield code="a">Fine copy of a concordance by Çetecî Abdullah Paşa b. İbrahim el-Cermakî (ʻAbd Allāh ibn Ibrāhīm, d.1760) outlining various subjects addressed in the Qurʼān in tabular form ; preceded by preface and table elucidating the meaning of the abbreviation symbols employed (pp.8-9).</subfield></datafield><datafield tag="538" ind1=" " ind2=" "><subfield code="a">Mode of access: Internet.</subfield></datafield><datafield tag="541" ind1=" " ind2=" "><subfield code="a">Acquired in 1926 from the bookseller Isaac Benjamin S.E. Yahuda via purchase transacted on his behalf by Abraham Shalom Yahuda (1877-1951), his younger brother.</subfield></datafield><datafield tag="546" ind1=" " ind2=" "><subfield code="a">Arabic.</subfield></datafield><datafield tag="561" ind1=" " ind2=" "><subfield code="a">On upper board lining, statement with the shahādah entered by Rustum [?] ibn ʻAbd Allāh and dated 1255 [1839 or 1840], reads "اودعت في هذه الصحيفة الشريفة كلمة اشهد ان لا اله الا الله واشهد ان محمد رسول الله كاتبه الفقير الى الله راجي العفو الحاج رستم [؟] ابن عبد الله المغفور له ولوالديه وللمسلمين ان شاء الله تعالى ۱۲٥٥ م" ; ownership statement on 'title page' (p.7) dated 1253 [1837 or 8] in name of one Fāris, reads "من فضل الله تعالى على عبده كاتبه الفقير فارس شيخ يشرفني تملكه سنه ۲٥٣" ; numerous notabilia (side-heads).</subfield></datafield><datafield tag="630" ind1="0" ind2="0"><subfield code="a">Qurʼan</subfield><subfield code="v">Concordances</subfield><subfield code="v">Early works to 1800.</subfield></datafield><datafield tag="650" ind1=" " ind2="0"><subfield code="a">Manuscripts, Arabic</subfield><subfield code="z">Michigan</subfield><subfield code="z">Ann Arbor.</subfield></datafield><datafield tag="773" ind1="0" ind2=" "><subfield code="a">Yahuda Collection.</subfield></datafield><datafield tag="880" ind1="1" ind2="0"><subfield code="6">245-03/</subfield><subfield code="a">انهار الجنان من منابيع آيات القرآن,</subfield><subfield code="f">[1172ه, 1758م].</subfield></datafield><datafield tag="880" ind1="0" ind2=" "><subfield code="6">100-01/</subfield><subfield code="a">چته جى عبد الله پاشا بن ابراهيم الجرمكى.</subfield></datafield><datafield tag="CID" ind1=" " ind2=" "><subfield code="a">005984422</subfield></datafield><datafield tag="DAT" ind1="0" ind2=" "><subfield code="a">20190719102633.0</subfield><subfield code="b">20190719000000.0</subfield></datafield><datafield tag="DAT" ind1="1" ind2=" "><subfield code="a">20190719090653.0</subfield><subfield code="b">2019-07-19T16:11:10Z</subfield></datafield><datafield tag="DAT" ind1="2" ind2=" "><subfield code="a">2015-10-02T18:00:03Z</subfield></datafield><datafield tag="CAT" ind1=" " ind2=" "><subfield code="a">SDR-MIU</subfield><subfield code="d">EX LIBRIS - ALEPH</subfield><subfield code="l">prepare.pl-004-008</subfield></datafield><datafield tag="FMT" ind1=" " ind2=" "><subfield code="a">BK</subfield></datafield><datafield tag="HOL" ind1=" " ind2=" "><subfield code="0">sdr-miu005984422</subfield><subfield code="a">MiU</subfield><subfield code="b">SDR</subfield><subfield code="c">MIU</subfield><subfield code="p">mdp.39015079105352</subfield><subfield code="s">MIU</subfield><subfield code="1">005984422</subfield></datafield><datafield tag="974" ind1=" " ind2=" "><subfield code="b">MIU</subfield><subfield code="c">MIU</subfield><subfield code="d">20190719</subfield><subfield code="s">lit-dlps-dc</subfield><subfield code="u">mdp.39015079105352</subfield><subfield code="y">1758</subfield><subfield code="r">pd</subfield><subfield code="q">bib</subfield><subfield code="t">non-US bib date1 &lt; 1879</subfield></datafield></record></collection>